@article{kastner2014ancillarity,
  title={{Ancillarity-sufficiency interweaving strategy (ASIS) for boosting MCMC estimation of stochastic volatility models}},
  author={Kastner, Gregor and Fr{\"u}hwirth-Schnatter, Sylvia},
  journal={Computational Statistics \& Data Analysis},
  volume={76},
  pages={408--423},
  year={2014},
  publisher={Elsevier}
}

@article{omori2007stochastic,
  title={{Stochastic volatility with leverage: Fast and efficient likelihood inference}},
  author={Omori, Yasuhiro and Chib, Siddhartha and Shephard, Neil and Nakajima, Jouchi},
  journal={Journal of Econometrics},
  volume={140},
  number={2},
  pages={425--449},
  year={2007},
  publisher={Elsevier}
}

@article{bollerslev1986generalized,
  title={Generalized autoregressive conditional heteroskedasticity},
  author={Bollerslev, Tim},
  journal={Journal of econometrics},
  volume={31},
  number={3},
  pages={307--327},
  year={1986},
  publisher={Elsevier}
}

@article{kim1998stochastic,
  title={{Stochastic volatility: likelihood inference and comparison with ARCH models}},
  author={Kim, Sangjoon and Shephard, Neil and Chib, Siddhartha},
  journal={The Review of Economic Studies},
  volume={65},
  number={3},
  pages={361--393},
  year={1998},
  publisher={Oxford University Press}
}

@article{jacquier2004bayesian,
  title={Bayesian analysis of stochastic volatility models with fat-tails and correlated errors},
  author={Jacquier, Eric and Polson, Nicholas G and Rossi, Peter E},
  journal={Journal of Econometrics},
  volume={122},
  number={1},
  pages={185--212},
  year={2004},
  publisher={Elsevier}
}

@article{mccausland2011simulation,
  title={{Simulation smoothing for state--space models: A computational efficiency analysis}},
  author={McCausland, William J and Miller, Shirley and Pelletier, Denis},
  journal={Computational Statistics \& Data Analysis},
  volume={55},
  number={1},
  pages={199--212},
  year={2011},
  publisher={Elsevier}
}

@article{fruhwirth2004efficient,
  title={{Efficient Bayesian parameter estimation for state space models based on reparameterizations}},
  author={Fr{\"u}hwirth-Schnatter, Sylvia},
  journal={State Space and Unobserved Component Models: Theory and Applications},
  pages={123--151},
  year={2004},
  publisher={Cambridge University Press}
}

@article{nakajima2009leverage,
  title={Leverage, heavy-tails and correlated jumps in stochastic volatility models},
  author={Nakajima, Jouchi and Omori, Yasuhiro},
  journal={Computational Statistics \& Data Analysis},
  volume={53},
  number={6},
  pages={2335--2353},
  year={2009},
  publisher={Elsevier}
}

@Manual{rlanguage,
  title = {{R: A Language and Environment for Statistical Computing}},
  author = {{R Core Team}},
  organization = {R Foundation for Statistical Computing},
  address = {Vienna, Austria},
  year = {2015},
  url = {https://www.R-project.org/}
}

@misc{doornik2009object,
  title={{An Object-Oriented Matrix Programming Language Ox 6.}},
  author={Doornik, Jurgen A},
  year={2009},
  howpublished={Timberlake Consultants Ltd}
}

@Misc{nakajima2009code,
  author =   {Nakajima, Jouchi},
  title =    {Stochastic volatility model with leverage},
  howpublished = {Ox source code, \url{https://sites.google.com/site/jnakajimaweb/ASV.ox}},
  year = {2009}
}

@article{yu2011center,
  title={{To center or not to center: That is not the questionâ€”an Ancillarity--Sufficiency Interweaving Strategy (ASIS) for boosting MCMC efficiency}},
  author={Yu, Yaming and Meng, Xiao-Li},
  journal={Journal of Computational and Graphical Statistics},
  volume={20},
  number={3},
  pages={531--570},
  year={2011},
  publisher={Taylor \& Francis}
}

@book{stroustrup2013c++,
  title={{The C++ programming language}},
  author={Stroustrup, Bjarne},
  year={2013},
  publisher={Pearson Education}
}

@Article{armadillo,
  title = {{RcppArmadillo: Accelerating R with high-performance C++ linear algebra}},
  author = {Dirk Eddelbuettel and Conrad Sanderson},
  journal = {Computational Statistics and Data Analysis},
  year = {2014},
  volume = {71},
  month = {March},
  pages = {1054--1063},
  url = {http://dx.doi.org/10.1016/j.csda.2013.02.005},
}

@article{bouchaud2001leverage,
  title={Leverage effect in financial markets: The retarded volatility model},
  author={Bouchaud, Jean-Philippe and Matacz, Andrew and Potters, Marc},
  journal={Physical review letters},
  volume={87},
  number={22},
  pages={228701},
  year={2001},
  publisher={APS}
}

@article{shen2009cross,
  title={Cross-correlation in financial dynamics},
  author={Shen, J and Zheng, B},
  journal={EPL (Europhysics Letters)},
  volume={86},
  number={4},
  pages={48005},
  year={2009},
  publisher={IOP Publishing}
}


