@article{Harvey1994,
	author = {Harvey, Andrew C. and Ruiz, Esther and Shephard, Neil},
	file = {:home/hdarjus/Downloads/qfin{\_}master{\_}thesis/2297980.pdf:pdf},
	journal = {The Review of Economic Studies},
	number = {2},
	pages = {247--264},
	title = {{Multivariate Stochastic Variance Models}},
	volume = {61},
	year = {1994}
}

@article{Harvey1996,
	author = {Harvey, Andrew C. and Shephard, Neil},
	file = {:home/hdarjus/Downloads/qfin{\_}master{\_}thesis/1392251.pdf:pdf},
	journal = {Journal of Business {\&} Economic Statistics},
	number = {4},
	pages = {429--434},
	title = {{Estimation of an Asymmetric Stochastic Volatility Model for Asset Returns}},
	volume = {14},
	year = {1996}
}

@article{Chan2016,
	author = {Chan, J.C.C. and Grant, A.L.},
	doi = {10.1016/j.eneco.2015.12.003},
	file = {:home/hdarjus/Downloads/qfin{\_}master{\_}thesis/chan2015garch-vs-sv.pdf:pdf},
	issn = {01409883},
	journal = {Energy Economics},
	keywords = {Bayesian model comparison,Crude oil,Jumps,Leverage,Moving average,Natural gas,T distribution},
	number = {1},
	pages = {182--189},
	title = {{Modeling energy price dynamics: GARCH versus stochastic volatility}},
	url = {http://dx.doi.org/10.1016/j.eneco.2015.12.003},
	volume = {54},
	year = {2016}
}

@article{Christie1982,
	author = {Christie, Andrew A.},
	doi = {10.1016/0304-405X(82)90018-6},
	file = {:home/hdarjus/Downloads/qfin{\_}master{\_}thesis/christie1982.pdf:pdf},
	isbn = {0304-405X},
	issn = {0304405X},
	journal = {Journal of Financial Economics},
	number = {4},
	pages = {407--432},
	pmid = {21435355},
	title = {{The stochastic behavior of common stock variances. Value, leverage and interest rate effects}},
	volume = {10},
	year = {1982}
}

@article{Chib1994,
	author = {Chib, Siddhartha and Greenberg, Edward},
	doi = {10.1016/0304-4076(94)90063-9},
	file = {:home/hdarjus/Downloads/chibGreenberg94.pdf:pdf},
	isbn = {0304-4076},
	issn = {03044076},
	journal = {Journal of Econometrics},
	keywords = {ARMA processes,Bayesian statistics,Data augmentation,Gibbs sampling,Markov chain,Metropolis-Hastings algorithm,Time series},
	number = {1-2},
	pages = {183--206},
	pmid = {21055788},
	title = {{Bayes inference in regression models with ARMA (p, q) errors}},
	volume = {64},
	year = {1994}
}

@article{Chib1995,
	author = {Chib, Siddhartha and Greenberg, Edward},
	file = {:home/hdarjus/Downloads/2684568.pdf:pdf},
	journal = {The American Statistician},
	number = {4},
	pages = {327--335},
	title = {{Understanding the Metropolis-Hastings Algorithm}},
	volume = {49},
	year = {1995}
}

@incollection{Geyer2011,
	archivePrefix = {arXiv},
	arxivId = {0712.0689},
	author = {Geyer, Charles J},
	booktitle = {Handbook of Markov Chain Monte Carlo},
	doi = {10.1016/S1369-7021(09)70091-4},
	eprint = {0712.0689},
	file = {:home/hdarjus/Downloads/qfin{\_}master{\_}thesis/MCMC Book.pdf:pdf},
	isbn = {978-1420079418},
	issn = {0896-3207},
	pmid = {15742423},
	pages = {3--48},
	publisher = {CRC press},
	title = {{Introduction to Markov Chain Monte Carlo}},
	url = {http://www.mcmchandbook.net/index.html{\%}5Cnhttp://arxiv.org/abs/0712.0689},
	year = {2011}
}

@article{Ermolaev2014,
	author = {Ermolaev, P and Volynsky, M},
	doi = {10.1088/1742-6596/536/1/012015},
	file = {:home/hdarjus/Downloads/Ermolaev{\_}2014{\_}J.{\_}Phys.{\_}{\_}Conf.{\_}Ser.{\_}536{\_}012015.pdf:pdf},
	issn = {1742-6588},
	journal = {Journal of Physics: Conference Series},
	pages = {012015},
	title = {{The second order extended Kalman filter and Markov nonlinear filter for data processing in interferometric systems}},
	url = {http://stacks.iop.org/1742-6596/536/i=1/a=012015?key=crossref.8524b978a78610d9b52ad281087c0814},
	volume = {536},
	year = {2014}
}

@inproceedings{roth2011efficient,
	title={{An efficient implementation of the second order extended Kalman filter}},
	author={Roth, Michael and Gustafsson, Fredrik},
	booktitle={Information Fusion (FUSION), 2011 Proceedings of the 14th International Conference on},
	pages={1--6},
	year={2011},
	organization={IEEE}
}

@article{durbin2002simple,
	title={A simple and efficient simulation smoother for state space time series analysis},
	author={Durbin, James and Koopman, Siem Jan},
	journal={Biometrika},
	volume={89},
	number={3},
	pages={603--616},
	year={2002},
	publisher={Oxford University Press}
}

@book{durbin2012time,
	title={Time series analysis by state space methods},
	author={Durbin, James and Koopman, Siem Jan},
	volume={38},
	year={2012},
	publisher={OUP Oxford}
}

@article{de1995simulation,
	title={The simulation smoother for time series models},
	author={de Jong, Piet and Shephard, Neil},
	journal={Biometrika},
	volume={82},
	number={2},
	pages={339--350},
	year={1995},
	publisher={Oxford University Press}
}


@article{Bouchaud2001,
	archivePrefix = {arXiv},
	arxivId = {cond-mat/0101120},
	author = {Bouchaud, Jean-Philippe and Matacz, Andrew and Potters, Marc},
	doi = {10.1103/PhysRevLett.87.228701},
	eprint = {0101120},
	file = {:home/hdarjus/Desktop/proposal presentation/0101120.pdf:pdf},
	isbn = {0031-9007},
	issn = {0031-9007},
	journal = {Physical review letters},
	number = {22},
	pages = {228701},
	pmid = {11736431},
	primaryClass = {cond-mat},
	title = {{Leverage effect in financial markets: the retarded volatility model.}},
	volume = {87},
	year = {2001}
}

@article{Shen2009,
	archivePrefix = {arXiv},
	arxivId = {arXiv:1202.0344v1},
	author = {Shen, J. and Zheng, B.},
	doi = {10.1209/0295-5075/86/48005},
	eprint = {arXiv:1202.0344v1},
	file = {:home/hdarjus/Desktop/proposal presentation/1202.0342v1.pdf:pdf},
	isbn = {0295-5075},
	issn = {0295-5075},
	journal = {EPL (Europhysics Letters)},
	number = {4},
	pages = {48005},
	title = {{Cross-correlation in financial dynamics}},
	volume = {86},
	year = {2009}
}

@article{Nakajima2009,
	author = {Nakajima, Jouchi and Omori, Yasuhiro},
	doi = {10.1016/j.csda.2008.03.015},
	file = {:mnt/Win/Users/Darjus/SkyDrive/QFin/Master thesis/nakajima2009.pdf:pdf},
	issn = {01679473},
	journal = {Computational Statistics and Data Analysis},
	number = {6},
	pages = {2335--2353},
	publisher = {Elsevier B.V.},
	title = {{Leverage, heavy-tails and correlated jumps in stochastic volatility models}},
	url = {http://dx.doi.org/10.1016/j.csda.2008.03.015},
	volume = {53},
	year = {2009}
}

@article{McCausland2011,
	author = {McCausland, William J. and Miller, Shirley and Pelletier, Denis},
	doi = {10.1016/j.csda.2010.07.009},
	file = {:home/hdarjus/Downloads/qfin{\_}master{\_}thesis/mccausland2010.pdf:pdf},
	issn = {01679473},
	journal = {Computational Statistics and Data Analysis},
	keywords = {Count data,High frequency financial data,Importance sampling,Markov chain Monte Carlo,Statespace models},
	number = {1},
	pages = {199--212},
	publisher = {Elsevier B.V.},
	title = {{Simulation smoothing for statespace models: A computational efficiency analysis}},
	url = {http://dx.doi.org/10.1016/j.csda.2010.07.009},
	volume = {55},
	year = {2011}
}

@article{Jacquier2004,
	author = {Jacquier, Eric and Polson, Nicholas G. and Rossi, Peter E.},
	doi = {10.1016/j.jeconom.2003.09.001},
	file = {:home/hdarjus/Downloads/qfin{\_}master{\_}thesis/jacquier2004.pdf:pdf},
	isbn = {0304-4076},
	issn = {03044076},
	journal = {Journal of Econometrics},
	keywords = {Bayes factor,Fat-tails,GARCH,Gibbs,Leverage effect,MCMC,Metropolis,Stochastic volatility},
	number = {1},
	pages = {185--212},
	title = {{Bayesian analysis of stochastic volatility models with fat-tails and correlated errors}},
	volume = {122},
	year = {2004}
}

@article{Wang2011,
	author = {Wang, Joanna J J and Chan, Jennifer S K and Choy, S. T Boris},
	doi = {10.1016/j.csda.2010.07.008},
	file = {:home/hdarjus/Downloads/qfin{\_}master{\_}thesis/wang2011.pdf:pdf},
	isbn = {0167-9473},
	issn = {01679473},
	journal = {Computational Statistics and Data Analysis},
	keywords = {Heavy tails,Leverage,Outlier diagnostics,Scale mixture of normal,Stochastic volatility},
	number = {1},
	pages = {852--862},
	publisher = {Elsevier B.V.},
	title = {{Stochastic volatility models with leverage and heavy-tailed distributions: A Bayesian approach using scale mixtures}},
	url = {http://dx.doi.org/10.1016/j.csda.2010.07.008},
	volume = {55},
	year = {2011}
}

@article{Liesenfeld2000,
	author = {Liesenfeld, Roman and Jung, Robert C},
	doi = {10.1002/(SICI)1099-1255(200003/04)15:2<137::AID-JAE546>3.0.CO;2-M},
	file = {:home/hdarjus/Downloads/qfin{\_}master{\_}thesis/liesenfeld2007.pdf:pdf},
	isbn = {08837252},
	issn = {0883-7252},
	journal = {Journal of applied Econometrics},
	keywords = {are related to a,c15,c22,c52,forschungs-,jel-classification,leptokurtic return distribution,maximum likelihood,monte carlo integration,project which is nancially,results in this paper,simulated,supported by the deutsche,volatility persistence of returns},
	number = {2},
	pages = {137--160},
	title = {{Stochastic volatility models: conditional normality versus heavy-tailed distributions}},
	url = {http://citeseerx.ist.psu.edu/viewdoc/download?doi=10.1.1.53.3920{\&}rep=rep1{\&}type=pdf},
	volume = {15},
	year = {2000}
}

@article{Kim1998,
	author = {Kim, Sangjoon and Shephard, Neil and Chib, Siddhartha},
	doi = {10.1111/1467-937X.00050},
	file = {:home/hdarjus/Downloads/qfin{\_}master{\_}thesis/kim1998.pdf:pdf},
	isbn = {0034-6527},
	issn = {0034-6527},
	journal = {The Review of Economic Studies},
	number = {December 1994},
	pages = {361--393},
	title = {{Stochastic volatility: likelihood inference and comparison with ARCH models}},
	url = {http://restud.oxfordjournals.org/content/65/3/361.short{\%}5Cnpapers2://publication/uuid/622A3E31-E639-4796-BCA3-38430BE4A080},
	volume = {65},
	year = {1998}
}

@article{Pitt1999,
	author = {Pitt, Michael K. and Shephard, Neil},
	file = {:home/hdarjus/Downloads/qfin{\_}master{\_}thesis/pitt1999.pdf:pdf},
	journal = {Journal of Time Series Analysis},
	keywords = {blocking,chain monte carlo,convergence rates,gibbs sampling,markov,parameterization,simulation smoother,stochastic volatility},
	number = {1},
	pages = {63--85},
	title = {{Analytic Convergence Rates and Parameterization Issues}},
	volume = {20},
	year = {1999}
}

@article{Omori2007,
	author = {Omori, Yasuhiro and Chib, Siddhartha and Shephard, Neil and Nakajima, Jouchi},
	doi = {10.1016/j.jeconom.2006.07.008},
	file = {:home/hdarjus/Downloads/qfin{\_}master{\_}thesis/omori2007.pdf:pdf},
	isbn = {03044076},
	issn = {03044076},
	journal = {Journal of Econometrics},
	keywords = {Leverage effect,Markov chain Monte Carlo,Mixture sampler,Stochastic volatility,Stock returns},
	number = {2},
	pages = {425--449},
	title = {{Stochastic volatility with leverage: Fast and efficient likelihood inference}},
	volume = {140},
	year = {2007}
}

@article{Kastner2014,
	author = {Kastner, Gregor and Fr{\"{u}}hwirth-Schnatter, Sylvia},
	doi = {10.1016/j.csda.2013.01.002},
	file = {:home/hdarjus/Downloads/qfin{\_}master{\_}thesis/kastner2013.pdf:pdf},
	issn = {01679473},
	journal = {Computational Statistics and Data Analysis},
	keywords = {Auxiliary mixture sampling,Exchange rate data,Markov chain Monte Carlo,Massively parallel computing,Non-centering,State space model},
	pages = {408--423},
	publisher = {Elsevier B.V.},
	title = {{Ancillarity-sufficiency interweaving strategy (ASIS) for boosting MCMC estimation of stochastic volatility models}},
	url = {http://dx.doi.org/10.1016/j.csda.2013.01.002},
	volume = {76},
	year = {2014}
}

@article{kastner2016dealing,
	title={Dealing with stochastic volatility in time series using the R package stochvol},
	author={Kastner, Gregor},
	journal={Journal of Statistical software},
	volume={69},
	number={5},
	pages={1--30},
	year={2016},
	publisher={Foundation for Open Access Statistics}
}


@article{Ishihara2012,
	author = {Ishihara, Tsunehiro and Omori, Yasuhiro},
	doi = {10.1016/j.csda.2010.07.015},
	issn = {01679473},
	journal = {{Computational Statistics and Data Analysis}},
	number = {11},
	pages = {3674--3689},
	publisher = {Elsevier B.V.},
	title = {{Efficient Bayesian estimation of a multivariate stochastic volatility model with cross leverage and heavy-tailed errors}},
	url = {http://dx.doi.org/10.1016/j.csda.2010.07.015},
	volume = {56},
	year = {2012}
}



@manual{rlanguage,
	title = {{R: A Language and Environment for Statistical Computing}},
	author = {{R Core Team}},
	organization = {R Foundation for Statistical Computing},
	address = {Vienna, Austria},
	year = {2015},
	url = {https://www.R-project.org/}
}

@misc{doornik2009object,
	title={{An Object-Oriented Matrix Programming Language Ox 6.}},
	author={Doornik, Jurgen A},
	year={2009},
	howpublished={Timberlake Consultants Ltd}
}

@misc{nakajima2009code,
	author =   {Nakajima, Jouchi},
	title =    {Stochastic volatility model with leverage},
	howpublished = {Ox source code, \url{https://sites.google.com/site/jnakajimaweb/ASV.ox}},
	year = {2009}
}

@book{stroustrup2013c++,
	title={{The C++ programming language}},
	author={Stroustrup, Bjarne},
	year={2013},
	publisher={Pearson Education}
}

@article{armadillo,
	title = {{RcppArmadillo: Accelerating R with high-performance C++ linear algebra}},
	author = {Eddelbuettel, Dirk and Sanderson, Conrad},
	journal = {Computational Statistics and Data Analysis},
	year = {2014},
	volume = {71},
	month = {March},
	pages = {1054--1063},
	url = {http://dx.doi.org/10.1016/j.csda.2013.02.005},
}

@incollection{fruhwirth2004efficient,
	title={{Efficient Bayesian parameter estimation for state space models based on reparameterizations}},
	author={Fr{\"u}hwirth-Schnatter, Sylvia},
	booktitle={State Space and Unobserved Component Models: Theory and Applications},
	pages={123--151},
	year={2004},
	publisher={Cambridge University Press}
}

@article{carter1994gibbs,
	title={On Gibbs sampling for state space models},
	author={Carter, Chris K and Kohn, Robert},
	journal={Biometrika},
	volume={81},
	number={3},
	pages={541--553},
	year={1994},
	publisher={Oxford University Press}
}

@article{fruhwirth1994data,
	title={Data augmentation and dynamic linear models},
	author={Fr{\"u}hwirth-Schnatter, Sylvia},
	journal={Journal of time series analysis},
	volume={15},
	number={2},
	pages={183--202},
	year={1994},
	publisher={Wiley Online Library}
}

@article{shephard1993fitting,
	title={Fitting nonlinear time-series models with applications to stochastic variance models},
	author={Shephard, Neil},
	journal={Journal of Applied Econometrics},
	volume={8},
	number={S1},
	year={1993},
	publisher={Wiley Online Library}
}

@article{jarquier1994bayesian,
	title={Bayesian analysis of stochastic volatility models (with discussion)},
	author={Jarquier, E and Polson, N and Rossi, P},
	journal={Journal of Business and Economic Statistics},
	volume={12},
	pages={371--417},
	year={1994}
}

@article{shephard1994comment,
	title={Comment of Bayesian analysis of stochastic volatility by Jacquier, Polson, and Rossi},
	author={Shephard, Neil and Kim, Sangjoon},
	journal={Journal of Business and Economics Statistics},
	volume={12},
	number={4},
	pages={371--417},
	year={1994}
}

@article{shephard1997likelihood,
	title={Likelihood analysis of non-Gaussian measurement time series},
	author={Shephard, Neil and Pitt, Michael K},
	journal={Biometrika},
	volume={84},
	number={3},
	pages={653--667},
	year={1997},
	publisher={Oxford University Press}
}

@article{geweke1994bayesian,
	title={[Bayesian Analysis of Stochastic Volatility Models]: Comment},
	author={Geweke, John},
	journal={Journal of Business \& Economic Statistics},
	volume={12},
	number={4},
	pages={397--399},
	year={1994},
	publisher={JSTOR}
}

@article{yu2005leverage,
	title={On leverage in a stochastic volatility model},
	author={Yu, Jun},
	journal={Journal of Econometrics},
	volume={127},
	number={2},
	pages={165--178},
	year={2005},
	publisher={Elsevier}
}

@Inbook{Johannes2009,
	author="Johannes, Michael and Polson, Nicholas",
	editor="Mikosch, Thomas and Krei{\ss}, Jens-Peter and Davis, Richard A. and Andersen, Torben Gustav",
	title="Particle Filtering",
	bookTitle="Handbook of Financial Time Series",
	year="2009",
	publisher="Springer Berlin Heidelberg",
	address="Berlin, Heidelberg",
	pages="1015--1029",
	isbn="978-3-540-71297-8",
	doi="10.1007/978-3-540-71297-8_44",
	url="https://doi.org/10.1007/978-3-540-71297-8_44"
}

@Inbook{Kitagawa1996,
	author="Kitagawa, Genshiro and Gersch, Will",
	title="Linear Gaussian State Space Modeling",
	bookTitle="Smoothness Priors Analysis of Time Series",
	year="1996",
	publisher="Springer New York",
	address="New York, NY",
	pages="55--65",
	isbn="978-1-4612-0761-0",
	doi="10.1007/978-1-4612-0761-0_5",
	url="https://doi.org/10.1007/978-1-4612-0761-0_5"
}

@book{grinstead2012introduction,
	title={Introduction to probability},
	author={Grinstead, Charles Miller and Snell, James Laurie},
	year={2012},
	publisher={American Mathematical Soc.}
}

@misc{gplv3,
	title        = {{GNU General Public License}},
	version      = {3},
	shorthand    = {{GPLv3}},
	author = {{Free Software Foundation}},
	howpublished = {http://www.gnu.org/licenses/gpl.html},
	pagination   = {section},
	language     = {english},
	date         = {2007-06-29},
	year = {2007},
	month = {June},
	note = {Last retrieved 2012-05-10},
}

@article{iso2016iec,
	title={{Programming languages -- C++}},
	author={{ANSI/ISO C++ Committee}},
	journal={{ISO/IEC}},
	volume={{14882:2014}},
	year={2016}
}

@Article{rcpp2011,
	title = {{Rcpp: Seamless R and C++ Integration}},
	author = {Eddelbuettel, Dirk and Fran\c{c}ois, Romain},
	journal = {Journal of Statistical Software},
	year = {2011},
	volume = {40},
	number = {8},
	pages = {1--18},
	url = {http://www.jstatsoft.org/v40/i08/},
}

@Manual{rmatrix,
	title = {{Matrix: Sparse and Dense Matrix Classes and Methods}},
	author = {Bates, Douglas and Maechler, Martin},
	year = {2015},
	note = {R package version 1.2-3},
	url = {https://CRAN.R-project.org/package=Matrix},
}

@Article{rmcmcpack,
	title = {{MCMCpack}: Markov Chain Monte Carlo in {R}},
	author = {Martin, Andrew D. and Quinn, Kevin M. and Park, Jong Hee},
	journal = {Journal of Statistical Software},
	year = {2011},
	volume = {42},
	number = {9},
	pages = {22},
	url = {http://www.jstatsoft.org/v42/i09/},
}

@Manual{rmvtnorm,
	title = {{mvtnorm: Multivariate Normal and t Distributions}},
	author = {Genz, Alan and Bretz, Frank and Miwa, Tetsuhisa and Mi, Xuefei and Leisch, Friedrich and Scheipl, Fabian and Hothorn, Torsten},
	year = {2017},
	note = {R package version 1.0-6},
	url = {http://CRAN.R-project.org/package=mvtnorm}
}

@Manual{rnumderiv,
	title = {{numDeriv: Accurate Numerical Derivatives}},
	author = {Gilbert, Paul and Varadhan, Ravi},
	year = {2016},
	note = {R package version 2016.8-1},
	url = {https://CRAN.R-project.org/package=numDeriv},
}

@Article{rtestthat,
	author = {Wickham, Hadley},
	title = {{testthat: Get Started with Testing}},
	journal = {{The R Journal}},
	year = {2011},
	volume = {3},
	pages = {5--10},
	url = {http://journal.r-project.org/archive/2011-1/RJournal_2011-1_Wickham.pdf},
}

@Book{rggplot2,
	author = {Wickham, Hadley},
	title = {ggplot2: Elegant Graphics for Data Analysis},
	publisher = {Springer-Verlag New York},
	year = {2009},
	isbn = {978-0-387-98140-6},
	url = {http://ggplot2.org},
}

@Manual{rdplyr,
	title = {{dplyr: A Grammar of Data Manipulation}},
	author = {Wickham, Hadley and Fran\c{c}ois, Romain and Henry, Lionel and Müller, Kirill},
	year = {2017},
	note = {R package version 0.7.0},
	url = {https://CRAN.R-project.org/package=dplyr},
}

@Manual{rtidyr,
	title = {{tidyr: Easily Tidy Data with 'spread()' and 'gather()' Functions}},
	author = {Wickham, Hadley},
	year = {2017},
	note = {R package version 0.6.3},
	url = {https://CRAN.R-project.org/package=tidyr},
}

@article{schwert1989why,
	author = {Schwert, G. William},
	title = {Why Does Stock Market Volatility Change Over Time?},
	journal = {The Journal of Finance},
	volume = {44},
	number = {5},
	publisher = {Blackwell Publishing Ltd},
	issn = {1540-6261},
	url = {http://dx.doi.org/10.1111/j.1540-6261.1989.tb02647.x},
	doi = {10.1111/j.1540-6261.1989.tb02647.x},
	pages = {1115--1153},
	year = {1989},
}

@inproceedings{black1976studies,
	author = {Black, Fisher},
	title = {Studies of stock price volatility changes},
	year = {1976},
	booktitle = {Proceedings of the 1976 meetings of the American Statistical Association},
	note = {Business and Economic Statistics Section}
}

@article{french1987expected,
	title={Expected stock returns and volatility},
	author={French, Kenneth R and Schwert, G William and Stambaugh, Robert F},
	journal={Journal of financial Economics},
	volume={19},
	number={1},
	pages={3--29},
	year={1987},
	publisher={Elsevier}
}

@article{GORDON2003,
	title = "Government as a discriminating monopolist in the financial market: the case of China",
	journal = "Journal of Public Economics",
	volume = "87",
	number = "2",
	pages = "283 - 312",
	year = "2003",
	note = "",
	issn = "0047-2727",
	doi = "http://dx.doi.org/10.1016/S0047-2727(01)00144-X",
	url = "http://www.sciencedirect.com/science/article/pii/S004727270100144X",
	author = "Roger H. Gordon and Wei Li",
	keywords = "Financial markets",
	keywords = "Market segmentation",
	keywords = "Price discrimination",
	keywords = "Government regulation",
	keywords = "Implicit taxes",
	keywords = "China"
}

@article{figlewski2000leverage,
	title={{Is the 'Leverage Effect' a Leverage Effect?}},
	author={Figlewski, Stephen and Wang, Xiaozu},
	year={2000}
}

@book{skiadas2009asset,
	title={Asset pricing theory},
	author={Skiadas, Costis},
	year={2009},
	publisher={Princeton University Press}
}

@article{chow2014study,
	title={A study of low-volatility portfolio construction methods},
	author={Chow, Tzee-Man and Hsu, Jason C and Kuo, Li-Lan and Li, Feifei},
	journal={The Journal of Portfolio Management},
	volume={40},
	number={4},
	pages={89--105},
	year={2014}
}

@article{hull1987pricing,
	title={The pricing of options on assets with stochastic volatilities},
	author={Hull, John and White, Alan},
	journal={The journal of finance},
	volume={42},
	number={2},
	pages={281--300},
	year={1987},
	publisher={Wiley Online Library}
}

@article{Engle1982,
	author = {Engle, Robert F.},
	file = {:home/hdarjus/Downloads/1912773.pdf:pdf},
	journal = {Econometrica},
	number = {4},
	pages = {987--1007},
	title = {{Autoregressive Conditional Heteroskestacity with estimates of the variance of United Kingdom inflation}},
	volume = {50},
	year = {1982}
}

@article{Bollerslev1986,
	author = {Bollerslev, Tim},
	doi = {10.1016/0304-4076(86)90063-1},
	file = {:home/hdarjus/Downloads/joe{\_}86.pdf:pdf},
	isbn = {03044076},
	issn = {03044076},
	journal = {Journal of Econometrics},
	number = {3},
	pages = {307--327},
	pmid = {18269942},
	title = {{Generalized autoregressive conditional heteroskedasticity}},
	volume = {31},
	year = {1986}
}

@incollection{Taylor1982,
	author = {Taylor, Stephen J.},
	publisher = {North-Holland},
	pages = {203--226},
	title = {{Financial Returns Modelled by the Product of Two Stochastic Processes: A Study of Daily Sugar Prices 1691–79.}},
	booktitle = {Time Series Analysis, Theory and Practice},
	year = {1982}
}

@article{Figlewski2000,
	author = {Figlewski, S and Wang, X},
	doi = {10.2139/ssrn.256109},
	file = {:home/hdarjus/Downloads/S-CDM-00-09.pdf:pdf},
	issn = {1556--5068},
	journal = {Available at SSRN 256109},
	number = {852},
	title = {{Is the 'Leverage Effect' a Leverage Effect?}},
	url = {http://papers.ssrn.com/sol3/papers.cfm?abstract{\_}id=256109},
	year = {2000}
}

@article{Long2014,
	author = {Long, Ling and Tsui, Albert K. and Zhang, Zhaoyong},
	doi = {10.1016/j.econmod.2013.11.002},
	file = {:home/hdarjus/Downloads/1-s2.0-S0264999313004859-main.pdf:pdf},
	issn = {02649993},
	journal = {Economic Modelling},
	keywords = {Chinese stock market,Conditional heteroskedasticity,Leverage effect,Regime persistence,Stock return},
	pages = {89--102},
	publisher = {Elsevier B.V.},
	title = {{Conditional heteroscedasticity with leverage effect in stock returns: Evidence from the chinese stock market}},
	url = {http://dx.doi.org/10.1016/j.econmod.2013.11.002},
	volume = {37},
	year = {2014}
}

@article{Bollerslev2012,
	author = {Bollerslev, Tim and Sizova, Natalia and Tauchen, George},
	doi = {10.1093/rof/rfr005},
	file = {:home/hdarjus/Downloads/rfr005.pdf:pdf},
	issn = {15723097},
	journal = {Review of Finance},
	number = {1},
	pages = {31--80},
	title = {{Volatility in equilibrium: Asymmetries and dynamic dependencies}},
	volume = {16},
	year = {2012}
}

@article{Christensen2015,
	author = {Christensen, Bent Jesper and Nielsen, Morten {\O}rregaard and Zhu, Jie},
	doi = {10.1016/j.econmod.2015.03.006},
	file = {:home/hdarjus/Downloads/1-s2.0-S0264999315000693-main.pdf:pdf},
	issn = {02649993},
	journal = {Economic Modelling},
	keywords = {FIEGARCH-M,Financial crises,Financial leverage,International markets,Long memory,Risk–return tradeoff,Stock returns,Volatility feedback},
	pages = {407--418},
	publisher = {Elsevier B.V.},
	title = {{The impact of financial crises on the risk–return tradeoff and the leverage effect}},
	url = {http://www.sciencedirect.com/science/article/pii/S0264999315000693},
	volume = {49},
	year = {2015}
}

@article{Wang2014,
	author = {Wang, Christina D and Mykland, Per A},
	doi = {10.1080/01621459.2013.864189},
	file = {:home/hdarjus/Downloads/The Estimation of Leverage Effect With High Frequency Data.pdf:pdf},
	issn = {0162-1459},
	journal = {Journal of the American Statistical Association},
	keywords = {consistency,discrete observation,efficiency,itˆ,microstructure noise,o process,realized volatility,skewness,stable},
	number = {505},
	pages = {197--215},
	title = {{The Estimation of Leverage Effect With High-Frequency Data}},
	url = {http://dx.doi.org/10.1080/01621459.2013.864189{\%}5Cnhttp://www.tandfonline.com/doi/abs/10.1080/01621459.2013.864189},
	volume = {109},
	year = {2014}
}

@article{Glosten1993,
	author = {Glosten, Lawrence R. and Jagannathan, Ravi and Runkle, David E.},
	file = {:home/hdarjus/Downloads/2329067.pdf:pdf},
	journal = {The Journal of Finance},
	number = {5},
	pages = {1779--1801},
	title = {{On the Relation between the Expected Value and the Volatility of the Nominal Excell Return on Stocks}},
	volume = {48},
	year = {1993}
}

@article{Nelson1991,
	author = {Nelson, Daniel B.},
	file = {:home/hdarjus/Downloads/2938260.pdf:pdf},
	journal = {Econometrica},
	keywords = {arch,autoregressive conditional heteroskedasticity,exponential arch,garch,generalized au-,ity,market volatil-,nonlinear time series,risk premium,toregressive conditional heteroskedasticity},
	number = {2},
	pages = {347--370},
	title = {{Contidional Heteroskedasticity in Asset Returns: A New Approach}},
	volume = {59},
	year = {1991}
}

@article{Hibbert2008,
	author = {Hibbert, Ann Marie and Daigler, Robert T. and Dupoyet, Brice},
	doi = {10.1016/j.jbankfin.2007.12.046},
	file = {:home/hdarjus/Downloads/1-s2.0-S0378426608000356-main.pdf:pdf},
	isbn = {03784266},
	issn = {03784266},
	journal = {Journal of Banking and Finance},
	keywords = {Behavioral finance,Leverage hypothesis,Return-volatility relation,VIX,Volatility feedback hypothesis},
	number = {10},
	pages = {2254--2266},
	pmid = {34297375},
	title = {{A behavioral explanation for the negative asymmetric return-volatility relation}},
	volume = {32},
	year = {2008}
}

@article{engle1986modelling,
	title={Modelling the persistence of conditional variances},
	author={Engle, Robert F and Bollerslev, Tim},
	journal={Econometric reviews},
	volume={5},
	number={1},
	pages={1--50},
	year={1986},
	publisher={Taylor \& Francis}
}

@article{bollerslev1994arch,
	title={ARCH models},
	author={Bollerslev, Tim and Engle, Robert F and Nelson, Daniel B},
	journal={Handbook of econometrics},
	volume={4},
	pages={2959--3038},
	year={1994},
	publisher={Elsevier}
}

@article{kluppelberg2004continuous,
	title={A continuous-time GARCH process driven by a L{\'e}vy process: stationarity and second-order behaviour},
	author={Kl{\"u}ppelberg, Claudia and Lindner, Alexander and Maller, Ross},
	journal={Journal of Applied Probability},
	volume={41},
	number={3},
	pages={601--622},
	year={2004},
	publisher={Cambridge University Press}
}

@book{box1994time,
	title={Time series analysis: forecasting and control, 3rd ed.},
	author={Box, George EP and Jenkins, Gwilym M and Reinsel, Gregory C},
	year={1994},
	publisher={Prentice-Hall International, Inc.}
}

@article{engle1993measuring,
	title={Measuring and testing the impact of news on volatility},
	author={Engle, Robert F and Ng, Victor K},
	journal={The journal of finance},
	volume={48},
	number={5},
	pages={1749--1778},
	year={1993},
	publisher={Wiley Online Library}
}

@article{glosten1993relation,
	title={On the relation between the expected value and the volatility of the nominal excess return on stocks},
	author={Glosten, Lawrence R and Jagannathan, Ravi and Runkle, David E},
	journal={The journal of finance},
	volume={48},
	number={5},
	pages={1779--1801},
	year={1993},
	publisher={Wiley Online Library}
}

@article{sentana1995quadratic,
	title={Quadratic ARCH models},
	author={Sentana, Enrique},
	journal={The Review of Economic Studies},
	volume={62},
	number={4},
	pages={639--661},
	year={1995},
	publisher={Wiley-Blackwell}
}

@article{zakoian1994threshold,
	title={Threshold heteroskedastic models},
	author={Zakoian, Jean-Michel},
	journal={Journal of Economic Dynamics and control},
	volume={18},
	number={5},
	pages={931--955},
	year={1994},
	publisher={Elsevier}
}

@article{hentschel1995all,
	title={All in the family nesting symmetric and asymmetric garch models},
	author={Hentschel, Ludger},
	journal={Journal of Financial Economics},
	volume={39},
	number={1},
	pages={71--104},
	year={1995},
	publisher={Elsevier}
}


